@article{simplify,
  author = {Detlefs, David and Nelson, Greg and Saxe, James},
  year = {2003},
  month = {09},
  pages = {},
  title = {Simplify: A Theorem Prover for Program Checking},
  volume = {52},
  journal = {Journal of the ACM},
  doi = {10.1145/1066100.1066102}}

@article{Blands_rule,
 title = {New Finite Pivoting Rules for the Simplex Method},
 journal = {Math. Oper. Res.},
 issue_date = {May 1977},
 volume = {2},
 number = {2},
 month = may,
 year = {1977},
 issn = {0364-765X},
 pages = {103--107},
 numpages = {5},
 url = {http://dx.doi.org/10.1287/moor.2.2.103},
 doi = {10.1287/moor.2.2.103},
 acmid = {2752760},
 publisher = {INFORMS},
 address = {Institute for Operations Research and the Management Sciences (INFORMS), Linthicum, Maryland, USA},
 keywords = {cycling, degeneracy, linear programming, simplex method},
key = {{$\!\!$}} ,
}

@book{Chvatal,
series = {A series of books in the mathematical science},
publisher = {Freeman},
year = {1983},
title = {Linear programming},
language = {eng},
address = {New York},
author = {Chv{\'a}tal, Va{\v{s}}ek},
keywords = {Linear programming},
}

@phdthesis{Nelson:1980:TPV:909447,
 author = {Nelson, Charles Gregory},
 title = {Techniques for Program Verification},
 year = {1980},
 note = {AAI8011683},
 publisher = {Stanford University},
 address = {Stanford, CA, USA},
}

@article{DBLP:journals/corr/AllamigeonK17,
  author    = {Xavier Allamigeon and
               Ricardo D. Katz},
  title     = {A formalization of convex polyhedra based on the simplex method},
  journal   = {CoRR},
  volume    = {abs/1706.10269},
  year      = {2017},
  url       = {http://arxiv.org/abs/1706.10269},
  archivePrefix = {arXiv},
  eprint    = {1706.10269},
  timestamp = {Mon, 13 Aug 2018 16:47:57 +0200},
  biburl    = {https://dblp.org/rec/bib/journals/corr/AllamigeonK17},
  bibsource = {dblp computer science bibliography, https://dblp.org}
}
